@online{Git2017,
	author = {Git SCM},
	title = {{git - About - Distributed}},
	url = {https://git-scm.com/about/distributed},
	urldate = {2017-05-16},
	year = {2017}
}
@book{Chacon2016,
	author = {Chacon, Scott and Straub, Ben},
	edition = {2},
	pages = {574},
	publisher = {Apress},
	title = {{Pro Git}},
	url = {https://progit2.s3.amazonaws.com/en/2016-03-22-f3531/progit-en.1084.pdf},
	year = {2016}
}
@misc{Finnamore2017,
author = {Finnamore, Chris},
booktitle = {TrustedReviews},
title = {{Asus Tinker Board review: Better than a Raspberry Pi?}},
url = {http://www.trustedreviews.com/reviews/asus-tinker-board},
urldate = {2017-10-05},
year = {2017}
}
